@BOOK{ZAMACOIS,

	author={Joaquín Zamacois},
	title={Tratado de Armonía},
	publisher={Editorial Labor},
	year={1960}
}

@BOOK{PISTON,

	author={Walter Piston},
	title={Armonía},
	publisher={Mundimúsica Ediciones},
	year={2007}
}

@BOOK{ATLAS,
	author={Ultich Michels},
	title={Atlas de música},
	publisher={Alianza Editorial},
	year={1999}
}

@MISC{CLIPSI,

	title={\href{http://clipsrules.sourceforge.net/documentation/v630/bpg.pdf}{CLIPS Reference Manual. Volume I. Basic Porgramming Guide.}},
	year={2015}
}

@MISC{CLIPSII,

	title={\href{http://clipsrules.sourceforge.net/documentation/v630/apg.pdf}{CLIPS Reference Manual. Volume II. Advanced Porgramming Guide.}},
	year={2015}
}

@MISC{PYCLIPS,
	
	title={\href{http://pyclips.sourceforge.net/manual/pyclips.html}{PyCLIPS Manual}},
	author={Francesco Garosi},
	year={2008}
}

@MISC{CODIGO,

	title={\href{https://github.com/muscraziest/TFG/tree/master/tfg_django}{Código de la aplicación}},
	author={Laura Olga Tirado López},
}

@MISC{DJANGO,
	
	title={\href{https://docs.djangoproject.com/en/1.11/}{DJango Documentation}},
	year={2017}
}

@MISC{PYTHON,
	
	title={\href{https://docs.python.org/2/}{Python Documentation}},
	year={2017}
}

@MISC{BOOTSTRAP,

	title={\href{https://www.w3schools.com/bootstrap/bootstrap_ref_all_classes.asp}{Bootstrap References}}
}

@MISC{JQUERY,

	title={\href{http://api.jqueryui.com/}{jQuery Documentation}}
}

@MISC{JINJA,

	title={\href{http://jinja.pocoo.org/docs/2.9/}{Jinja2 Documentation}}
}

@MISC{HTML5,

	title={\href{https://dev.w3.org/html5/html-author/}{HTML5 Documentation}}
}