@BOOK{ZAMACOIS1,

	author={Joaquín Zamacois},
	title={Tratado de Armonía},
	volume={1},
	publisher={Idea Musica},
	year={2002}
}

@BOOK{ZAMACOIS2,

	author={Joaquín Zamacois},
	title={Tratado de Armonía},
	volume={2},
	publisher={Idea Musica},
	year={2002}
}

@BOOK{PISTON,

	author={Walter Piston},
	title={Armonía},
	publisher={Mundimúsica Ediciones},
	year={2007}
}

@BOOK{ATLAS,
	author={Ultich Michels},
	title={Atlas de música},
	publisher={Alianza Editorial},
	year={1999}
}

@MISC{CLIPSI,

	author={Gary Riley},
	title={\href{http://clipsrules.sourceforge.net/documentation/v630/bpg.pdf}{CLIPS Reference Manual. Volume I. Basic Porgramming Guide}},
	version={6.30},
	year={2015}
}

@MISC{CLIPSII,

	author={Gary Riley},
	title={\href{http://clipsrules.sourceforge.net/documentation/v630/apg.pdf}{CLIPS Reference Manual. Volume II. Advanced Porgramming Guide}},
	version={6.30},
	year={2015}
}

@BOOK{DICESTETICA,

	author="Wolhart Henckmann and Konrad Lotter",
	title={Diccionario de estética},
	year={1992},
	publisher={CRÍTICA}
}

@MISC{PYCLIPS,
	author={Francesco Garosi},
	title={\href{http://pyclips.sourceforge.net/manual/pyclips.html}{PyCLIPS Manual}},
	year={2008}
}

@MISC{CODIGO,

	author={Laura Olga Tirado López},
	title={\href{https://github.com/muscraziest/TFG/tree/master/tfg_django}{Código de la aplicación}},
	year={2017}
}

@MISC{DJANGO,
	
	author={DFS},
	title={\href{https://docs.djangoproject.com/en/1.11/}{DJango Documentation}},
	year={2017}
}

@MISC{PYTHON,
	
	author={Guido van Rossum},
	title={\href{https://docs.python.org/2/}{Python Documentation}},
	year={2017}
}

@MISC{BOOTSTRAP,
	
	author={Mark Otto and Jacbod Thornton},
	title={\href{https://www.w3schools.com/bootstrap/bootstrap_ref_all_classes.asp}{Bootstrap References}},
	year={2017}
}

@MISC{JQUERY,
	
	author={John Resig},
	title={\href{http://api.jqueryui.com/}{jQuery Documentation}},
	year={2017}
}

@MISC{JINJA,

	author={Armin Ronacher},
	title={\href{http://jinja.pocoo.org/docs/2.9/}{Jinja2 Documentation}},
	year={2017}
}

@MISC{HTML5,

	author={WHATWG},
	title={\href{https://dev.w3.org/html5/html-author/}{HTML5 Documentation}},
	year={2017}
}

@MISC{QUINTAS,

	author={Jordi Sansa Llovich},
	title={\href{https://ddd.uab.cat/pub/tesis/2015/hdl_10803_117265/jsl1de1.pdf}{Quintas y octavas prohibidas en el periodo modal-tonal}},
	year={2013},
	volume={1},
	institution={Universidad Autónoma de Barcelona. Facultad de Filosofía y Letras. Departamento de Musicología y Arte.}
}

@MISC{MELOMANOS,
	
	author={Eva Garrido},
	title={\href{http://www.melomanos.com/}{Revista Melómanos}},
	year={2017}
}

@BOOK{SCHOENBERG,

	author={Arnold Schoenberg},
	title={\href{https://monoskop.org/images/4/43/Schoenberg_Arnold_Fundamentos_de_la_composicion_musical.pdf}{Fundamentos de la composición musical}},
	year={2000},
	publisher={Real Musical}
}

@BOOK{DIONISIO1,

	author={Dionisio de Pedro},
	title={Teoría Completa de la Música},
	volume={1},
	year={1992},
	publisher={Real Musical}
}

@BOOK{DIONISIO2,

	author={Dionisio de Pedro},
	title={Teoría Completa de la Música},
	volume={2},
	year={2000},
	publisher={Real Musical}
}

@MISC{APUNTES,

	author={Juan Luis Castro Peña},
	title={Apuntes de la asignatura Ingeniería del Conocimiento},
	year={2016}
}